<?xml version="1.0" encoding="UTF-8"?><collection xmlns="http://www.loc.gov/MARC21/slim"><record><leader>00541nam--2200193-i-4500</leader><controlfield tag="001">000028138</controlfield><controlfield tag="002">20161230</controlfield><controlfield tag="005">20161230201037</controlfield><controlfield tag="008">060222s1000------------r-----000-0-eng-d</controlfield><datafield ind1=" " ind2=" " tag="040"><subfield code="a">IFIN-HH</subfield></datafield><datafield ind1=" " ind2=" " tag="080"><subfield code="a">519.240</subfield></datafield><datafield ind1="1" ind2=" " tag="100"><subfield code="a">Kempthorne, Oscar</subfield></datafield><datafield ind1="1" ind2="0" tag="245"><subfield code="a">The design and analysis of experiments</subfield><subfield code="c">Oscar Kempthorne</subfield></datafield><datafield ind1=" " ind2=" " tag="260"><subfield code="a">New York, John Wiley &amp; Sons, Inc., 1965</subfield></datafield><datafield ind1=" " ind2=" " tag="300"><subfield code="a">XIX+631P</subfield></datafield><datafield ind1=" " ind2=" " tag="490"><subfield code="a">Wiley Publications in Statistics</subfield></datafield><datafield ind1="2" ind2=" " tag="650"><subfield code="a">Mathematical Statistics</subfield></datafield><datafield ind1=" " ind2=" " tag="852"><subfield code="a">21900</subfield><subfield code="c">519.2</subfield></datafield><datafield ind1=" " ind2=" " tag="CAT"><subfield code="a">Sys</subfield><subfield code="c">20100520</subfield><subfield code="h">142314</subfield></datafield></record></collection>